<record><leader>00000cas a22000007a 4500</leader><controlfield tag="001">29916927</controlfield><controlfield tag="008">940307c19909999nyuwr ne      0    0eng d</controlfield><datafield ind1=" " ind2=" " tag="010"><subfield code="a">sn 94057533 </subfield></datafield><datafield ind1=" " ind2=" " tag="040"><subfield code="a">NYS</subfield><subfield code="b">eng</subfield><subfield code="c">NYS</subfield><subfield code="d">OCLCQ</subfield></datafield><datafield ind1=" " ind2=" " tag="042"><subfield code="a">msc</subfield></datafield><datafield ind1="0" ind2="4" tag="245"><subfield code="a">The Southtowns citizen.</subfield></datafield><datafield ind1=" " ind2=" " tag="260"><subfield code="a">Orchard Park, N.Y. :</subfield><subfield code="b">Coleman Comm. Corp.</subfield></datafield><datafield ind1=" " ind2=" " tag="300"><subfield code="a">v.</subfield></datafield><datafield ind1=" " ind2=" " tag="310"><subfield code="a">Weekly</subfield></datafield><datafield ind1="0" ind2=" " tag="362"><subfield code="a">Vol. 1, no. 1 (Aug. 6, 1990)-</subfield></datafield><datafield ind1=" " ind2="4" tag="651"><subfield code="a">Orchard Park (N.Y.)</subfield><subfield code="v">Newspapers.</subfield></datafield><datafield ind1=" " ind2="4" tag="651"><subfield code="a">Erie County (N.Y.)</subfield><subfield code="v">Newspapers.</subfield></datafield><datafield ind1=" " ind2=" " tag="752"><subfield code="a">United States</subfield><subfield code="b">New York</subfield><subfield code="c">Erie</subfield><subfield code="d">Orchard Park.</subfield></datafield><datafield ind1="0" ind2="0" tag="780"><subfield code="t">Suburban press of Orchard Park</subfield><subfield code="w">(DLC)sn 94057532</subfield><subfield code="w">(OCoLC)29811854</subfield></datafield><datafield ind1="1" ind2=" " tag="029"><subfield code="a">AU@</subfield><subfield code="b">000025902391</subfield></datafield></record>